%% This BibTeX bibliography file was created using BibDesk.
%% http://bibdesk.sourceforge.net/

%% Created for Andrew S Zieffler PhD at 2018-04-21 09:33:15 -0500 


%% Saved with string encoding Unicode (UTF-8) 



@book{angel2000,
	Address = {Boston, MA},
	Author = {Edward Angel},
	Date-Added = {2018-04-21 14:33:11 +0000},
	Date-Modified = {2018-04-21 14:33:11 +0000},
	Isbn = {0-201-38597-X},
	Publisher = {Addison Wesley Longman},
	Title = {Interactive Computer Graphics : A Top-Down Approach with OpenGL},
	Year = {2000}}

@book{angel2001,
	Address = {Boston, MA},
	Author = {Edward Angel},
	Date-Added = {2018-04-21 14:33:11 +0000},
	Date-Modified = {2018-04-21 14:33:11 +0000},
	Isbn = {0-201-38597-X},
	Publisher = {Wesley Addison Longman},
	Title = {Batch-file Computer Graphics : A Bottom-Up Approach with QuickTime},
	Year = {2001}}

@book{angel2002a,
	Address = {Boston, MA},
	Author = {Edward Angel},
	Date-Added = {2018-04-21 14:33:11 +0000},
	Date-Modified = {2018-04-21 14:33:11 +0000},
	Isbn = {0-201-38597-X},
	Publisher = {Wesley Addison Longman},
	Title = {test second book by angel},
	Year = {2001}}

@article{deussen2000,
	Address = {New Orleans, Louisiana},
	Author = {Oliver Deussen and Thomas Strothotte},
	Date-Added = {2018-04-21 14:33:11 +0000},
	Date-Modified = {2018-04-21 14:33:11 +0000},
	Editor = {Kurt Akeley},
	Isbn = {1-58113-208-5},
	Journal = {``Proceedings of'' SIGGRAPH 2000},
	Pages = {13--18},
	Publisher = {ACM Press / ACM SIGGRAPH / Addison Wesley Longman},
	Series = {Computer Graphics Proceedings, Annual Conference Series},
	Title = {Computer-Generated Pen-and-Ink Illustration of Trees},
	Year = {2000}}

@book{goochandgooch2001,
	Address = {Natick, Massachusetts},
	Author = {Bruce Gooch and Amy Gooch},
	Date-Added = {2018-04-21 14:33:11 +0000},
	Date-Modified = {2018-04-21 14:33:11 +0000},
	Isbn = {1-56881-133-0},
	Publisher = {A K Peters},
	Title = {{Non-Photorealistic Rendering}},
	Year = {2001}}

@book{goochandgooch2001a,
	Address = {Natick, Massachusetts},
	Author = {Bruce Gooch and Amy Gooch},
	Date-Added = {2018-04-21 14:33:11 +0000},
	Date-Modified = {2018-04-21 14:33:11 +0000},
	Isbn = {1-56881-133-0},
	Publisher = {A K Peters},
	Title = {Test second book by gooches},
	Year = {2001}}

@article{hertzmann2000,
	Address = {New Orleans, Louisiana},
	Author = {Aaron Hertzmann and Dennis Zorin},
	Date-Added = {2018-04-21 14:33:11 +0000},
	Date-Modified = {2018-04-21 14:33:11 +0000},
	Editor = {Kurt Akeley},
	Isbn = {1-58113-208-5},
	Journal = {Proceedings of SIGGRAPH 2000},
	Month = {July},
	Number = {17},
	Pages = {517--526},
	Publisher = {ACM Press / ACM SIGGRAPH / Addison Wesley Longman},
	Series = {Computer Graphics Proceedings, Annual Conference Series},
	Title = {Illustrating Smooth Surfaces},
	Volume = {5},
	Year = {2000}}

@book{hipr1997,
	Address = {New York, NY},
	Author = {Robert Fisher and Simon Perkins and Ashley Walker and Erik Wolfart},
	Date-Added = {2018-04-21 14:33:11 +0000},
	Date-Modified = {2018-04-21 14:33:11 +0000},
	Isbn = {0-471-96243-0},
	Publisher = {John Wiley \& Sons},
	Title = {Hypermedia Image Processing Reference},
	Year = {1997}}

@book{jain1989,
	Address = {Englewood Cliffs, New Jersey},
	Author = {Anil K. Jain},
	Date-Added = {2018-04-21 14:33:11 +0000},
	Date-Modified = {2018-04-21 14:33:11 +0000},
	Isbn = {0-13-336165-9},
	Publisher = {Prentice-Hall},
	Title = {Fundamentals of Digital Image Processing},
	Year = {1989}}

@incollection{Molina1994,
	Address = {New York},
	Author = {Molina, S. T. and Borkovec, T. D.},
	Booktitle = {Worrying: Perspectives on theory, assessment and treatment},
	Date-Added = {2018-04-21 14:33:11 +0000},
	Date-Modified = {2018-04-21 14:33:11 +0000},
	Editor = {G. C. L. Davey and F. Tallis},
	Owner = {salzberg},
	Pages = {265-283},
	Publisher = {Wiley},
	Timestamp = {2007.04.18},
	Title = {The {P}enn {S}tate Worry Questionnaire: Psychometric properties and associated characteristics},
	Year = {1994}}

@phdthesis{noble2002,
	Author = {Noble, Samuel G.},
	Date-Added = {2018-04-21 14:33:11 +0000},
	Date-Modified = {2018-04-21 14:33:11 +0000},
	School = {Reed College},
	Title = {Turning images into simple line-art},
	Type = {Undergraduate thesis},
	Year = {2002}}

@misc{reedweb2007,
	Author = {Reed{\ }College},
	Date-Added = {2018-04-21 14:33:11 +0000},
	Date-Modified = {2018-04-21 14:33:11 +0000},
	Lastchecked = {March 14, 2007},
	Month = {March},
	Title = {LaTeX Your Document},
	Url = {http://web.reed.edu/cis/help/LaTeX/index.html},
	Year = {2007},
	Bdsk-Url-1 = {http://web.reed.edu/cis/help/LaTeX/index.html}}

@book{russ1995,
	Address = {Boca Raton, Florida},
	Author = {John C. Russ},
	Date-Added = {2018-04-21 14:33:11 +0000},
	Date-Modified = {2018-04-21 14:33:11 +0000},
	Isbn = {0-8493-2516-1},
	Publisher = {CRC Press},
	Title = {{The Image Processing Handbook, Second Edition}},
	Year = {1995}}

@article{salisbury1997,
	Address = {Los Angeles, California},
	Author = {Michael P. Salisbury and Michael T. Wong and John F. Hughes and David H. Salesin},
	Date-Added = {2018-04-21 14:33:11 +0000},
	Date-Modified = {2018-04-21 14:33:11 +0000},
	Editor = {Turner Whitted},
	Isbn = {0-89791-896-7},
	Journal = {``Proceedings of'' SIGGRAPH 97},
	Month = {August},
	Pages = {401--406},
	Publisher = {Addison Wesley},
	Series = {Computer Graphics Proceedings, Annual Conference Series},
	Title = {Orientable Textures for Image-Based Pen-and-Ink Illustration},
	Year = {1997}}

@book{savitch2001,
	Address = {Upper Saddle River, New Jersey},
	Author = {Walter Savitch},
	Date-Added = {2018-04-21 14:33:11 +0000},
	Date-Modified = {2018-04-21 14:33:11 +0000},
	Isbn = {0-13-031697-0},
	Publisher = {Prentice Hall},
	Title = {JAVA: An Introduction to Computer Science \& Programming},
	Year = {2001}}

@mastersthesis{wong1999,
	Author = {Eric Wong},
	Date-Added = {2018-04-21 14:33:11 +0000},
	Date-Modified = {2018-04-21 14:33:11 +0000},
	School = {Cornell University},
	Title = {{Artistic Rendering of Portrait Photographs}},
	Year = {1999}}

@book{xie2015,
	Address = {Boca Raton, Florida},
	Author = {Yihui Xie},
	Edition = {2nd},
	Note = {ISBN 978-1498716963},
	Publisher = {Chapman and Hall/CRC},
	Title = {Dynamic Documents with {R} and knitr},
	Url = {http://yihui.name/knitr/},
	Year = {2015},
	Bdsk-Url-1 = {http://yihui.name/knitr/}}
